<collection xmlns="http://www.loc.gov/MARC21/slim"><record><leader>00950nmm0 2200217   450</leader><controlfield tag="001">710</controlfield><controlfield tag="003">http://montalegre.opacnet.com/OPAC/default.aspx?ContentAreaControl=ShowRegHoldings.ascx&amp;RegNo=16662</controlfield><datafield tag="010" ind1=" " ind2=" "><subfield code="a">972-47-2581-2</subfield></datafield><datafield tag="100" ind1=" " ind2=" "><subfield code="a">20070518d--------k  y0pory0103    ba</subfield></datafield><datafield tag="101" ind1="0" ind2=" "><subfield code="a">por</subfield></datafield><datafield tag="102" ind1=" " ind2=" "><subfield code="a">PT</subfield></datafield><datafield tag="105" ind1=" " ind2=" "><subfield code="a">--------000zy</subfield></datafield><datafield tag="135" ind1=" " ind2=" "><subfield code="a">bocga---mnaua</subfield></datafield><datafield tag="200" ind1="1" ind2=" "><subfield code="a">&lt;O &gt;Sapo explica Matemática</subfield><subfield code="b">Documento electrónico</subfield><subfield code="e">Lições interactivas, inumeros exercicios, testes, jogo de plataforma, Super sapo a grande aventura</subfield><subfield code="f">Texto Editora</subfield></datafield><datafield tag="205" ind1=" " ind2=" "><subfield code="a">[1ª ed</subfield></datafield><datafield tag="210" ind1=" " ind2=" "><subfield code="a">Cacém</subfield><subfield code="c">Texto Editora</subfield><subfield code="d">D.L. 2004</subfield></datafield><datafield tag="215" ind1=" " ind2=" "><subfield code="a">&lt;1=       1&gt; disco óptico (CD-ROM) em caixa</subfield><subfield code="c">IL</subfield><subfield code="d">21cm</subfield></datafield><datafield tag="230" ind1=" " ind2=" "><subfield code="a">Dados</subfield></datafield><datafield tag="337" ind1=" " ind2=" "><subfield code="a">Requisitos mínimos : Windows 98, 2000, Me, XP - Processador Pentium II 300Mhz - 64Mb de memória RAM - CD-Rom 16X - Placa de Som - Placa Gráfica c/ 4Mb RAM e 800X600 pixels</subfield></datafield><datafield tag="675" ind1=" " ind2=" "><subfield code="a">55(51)(0.034)</subfield><subfield code="v">BN</subfield><subfield code="z">por</subfield></datafield><datafield tag="801" ind1=" " ind2="0"><subfield code="a">PT</subfield><subfield code="b">Biblioteca Municipal de Montalegre</subfield><subfield code="g">RPC</subfield></datafield><datafield tag="856" ind1=" " ind2=" "><subfield code="u">locateMedia.asp?cod=20060526152610&amp;ext=jpg</subfield><subfield code="z">CAPA</subfield></datafield><datafield tag="909" ind1="&#9;" ind2=" "><subfield code="a">0</subfield></datafield></record></collection>